@book{example2,
  author    = {Marcotte, Ethan},
  title     = {Responsive Web Design},
  publisher = {A Book Apart},
  year      = {2011},
  address   = {New York}
}

@book{example3,
  author    = {Garrett, Jesse James},
  title     = {The Elements of User Experience: User-Centered Design for the Web and Beyond. 2nd ed},
  publisher = {New Riders},
  year      = {2010},
  address   = {Berkeley, CA}
}

@book{miceli2016frontend,
  author    = {Miceli, Micah},
  title     = {Front-End Architecture: A Modern Blueprint for Scalable and Sustainable Design Systems},
  publisher = {O'Reilly Media},
  year      = {2016},
  address   = {}
}

@book{fain2019proangular,
  author    = {Fain, Yakov and Moiseev, Anton},
  title     = {Pro Angular 6},
  publisher = {Apress},
  year      = {2019},
  address   = {}
}

@book{lombardi2018buildingpwas,
  author    = {Lombardi, Tal},
  title     = {Building Progressive Web Apps: Bringing the Power of Native to the Browser},
  publisher = {O'Reilly Media},
  year      = {2018},
  address   = {}
}

@book{goldstein2015webperformance,
  author    = {Goldstein, Jeremy and Puppala, Saurabh and Mesbah, Arash},
  title     = {Web Performance in Action: Building Faster Web Pages},
  publisher = {Manning Publications},
  year      = {2015},
  address   = {}
}

@book{flanagan2020javascript,
  author    = {Flanagan, David},
  title     = {JavaScript: The Definitive Guide},
  publisher = {O'Reilly Media},
  year      = {2020},
  address   = {}
}

@phdthesis{xiongjunlucomponentization,
  title={基于React的Web前端组件化研究与应用},
  author={熊俊漉},
  school={重庆邮电大学},
  year={2018},
}

@online{zhihu1,
  author = {知乎作者【村头的小白菜】},
  title = {关于websocket到底要不要做心跳},
  year = {2021},
  url = {https://zhuanlan.zhihu.com/p/411440557},
  organization = {知乎专栏}
}

@inproceedings{example4,
  author    = {作者D和作者E},
  title     = {会议论文标题},
  booktitle = {会议录名称},
  year      = {会议年份},
  pages     = {页码范围}
}
